SCAN STATISTICS

@incollection{costa2009applications,
  title={Applications of spatial scan statistics: a review},
  author={Costa, Marcelo Azevedo and Kulldorff, Martin},
  booktitle={Scan statistics},
  pages={129--152},
  year={2009},
  publisher={Springer}
}

@article{kulldorff1997spatial,
  title={A spatial scan statistic},
  author={Kulldorff, Martin},
  journal={Communications in Statistics-Theory and methods},
  volume={26},
  number={6},
  pages={1481--1496},
  year={1997},
  publisher={Taylor \& Francis}
}

@article{naus1965clustering,
  title={Clustering of random points in two dimensions},
  author={Naus, Joseph I},
  journal={Biometrika},
  volume={52},
  number={1/2},
  pages={263--267},
  year={1965},
  publisher={JSTOR}
}

@incollection{perone2009false,
  title={False Discovery Control for Scan Clustering},
  author={Perone-Pacifico, Marco and Verdinelli, Isabella},
  booktitle={Scan Statistics},
  pages={271--287},
  year={2009},
  publisher={Springer}
}

@book{schabenberger2004statistical,
  title={Statistical methods for spatial data analysis},
  author={Schabenberger, Oliver and Gotway, Carol A},
  year={2004},
  publisher={CRC press}
}

@article{viel2000soft,
  title={Soft-tissue sarcoma and non-Hodgkin's lymphoma clusters around a municipal solid waste incinerator with high dioxin emission levels},
  author={Viel, Jean-Fran{\c{c}}ois and Arveux, Patrick and Baverel, Josette and Cahn, Jean-Yves},
  journal={American journal of epidemiology},
  volume={152},
  number={1},
  pages={13--19},
  year={2000},
  publisher={Oxford Univ Press}
}

@book{wand1994kernel,
  title={Kernel smoothing},
  author={Wand, Matt P and Jones, M Chris},
  year={1994},
  publisher={Crc Press}
}
